
<record type="Bibliographic" xmlns="http://www.loc.gov/MARC21/slim">
<leader>00000ntdaa2200000 c 4500</leader>
<controlfield tag="001">999646419</controlfield>
<controlfield tag="003">DE-101</controlfield>
<controlfield tag="005">20171202131402.0</controlfield>
<controlfield tag="007">tu</controlfield>
<controlfield tag="008">100119m19591969xx ||||| |||| 00||||ger  </controlfield>
<datafield ind1="7" ind2=" " tag="016">
<subfield code="2">DE-101</subfield>
<subfield code="a">999646419</subfield>
</datafield>
<datafield ind1=" " ind2=" " tag="035">
<subfield code="a">(DE-599)DNB999646419</subfield>
</datafield>
<datafield ind1=" " ind2=" " tag="040">
<subfield code="a">1270</subfield>
<subfield code="b">ger</subfield>
<subfield code="c">DE-101</subfield>
<subfield code="d">9999</subfield>
</datafield>
<datafield ind1=" " ind2=" " tag="041">
<subfield code="a">ger</subfield>
</datafield>
<datafield ind1=" " ind2=" " tag="044">
<subfield code="c">ZZ</subfield>
</datafield>
<datafield ind1="1" ind2=" " tag="100">
<subfield code="0">(DE-588)116651423</subfield>
<subfield code="0">https://d-nb.info/gnd/116651423</subfield>
<subfield code="0">(DE-101)116651423</subfield>
<subfield code="a">Heilbut, Iwan</subfield>
<subfield code="d">1898-1972</subfield>
<subfield code="e">Verfasser</subfield>
<subfield code="4">aut</subfield>
<subfield code="2">gnd</subfield>
</datafield>
<datafield ind1="1" ind2="0" tag="245">
<subfield code="a">Korrespondenz</subfield>
</datafield>
<datafield ind1=" " ind2=" " tag="250">
<subfield code="a">Teilw. Entwurf, teilw. Abschrift</subfield>
</datafield>
<datafield ind1=" " ind2="0" tag="264">
<subfield code="a">New York, NY</subfield>
<subfield code="a">Berlin</subfield>
<subfield code="a">Jerusalem</subfield>
<subfield code="a">Zürich u.a.</subfield>
<subfield code="c">1959-1969</subfield>
</datafield>
<datafield ind1=" " ind2=" " tag="300">
<subfield code="a">50 Bl. = 40 E. hs.m.U. u.a. Mit 1 Umschl.</subfield>
<subfield code="e">Konvolut von undatierten Briefen, Brieffragmenten u. Entwürfen, 13 Bl. = 12 E. hs. u.a.</subfield>
<subfield code="e">Konvolut von Unterlagen betr. Bürgschaftsübernahme von Iwan Heilbut für Gertrud Waller 5 Bl. = 5 E. masch. u.a. Mit 1 Umschl.</subfield>
<subfield code="e">Iwan Heilbut an Hans-Ulrich Müller, 29.10.1969, 1 Bl. hs.m.U. sowie Entwurf u. Notizen, 13 Bl. hs.</subfield>
<subfield code="e">Briefentwurf an Unbekannt sowie Notizen [Verfasser: Iwan Heilbut] betr. Erbangelegenheiten von Gertrud Waller, o.D. 5 Bl. = 2 E. masch.Dg. u.a.</subfield>
</datafield>
<datafield ind1=" " ind2=" " tag="336">
<subfield code="a">Text</subfield>
<subfield code="b">txt</subfield>
<subfield code="2">rdacontent</subfield>
</datafield>
<datafield ind1=" " ind2=" " tag="337">
<subfield code="a">ohne Hilfsmittel zu benutzen</subfield>
<subfield code="b">n</subfield>
<subfield code="2">rdamedia</subfield>
</datafield>
<datafield ind1=" " ind2=" " tag="338">
<subfield code="a">Blatt</subfield>
<subfield code="b">nb</subfield>
<subfield code="2">rdacarrier</subfield>
</datafield>
<datafield ind1="1" ind2=" " tag="490">
<subfield code="a">Nachlass Iwan Heilbut</subfield>
</datafield>
<datafield ind1="1" ind2=" " tag="700">
<subfield code="0">(DE-588)140269029</subfield>
<subfield code="0">https://d-nb.info/gnd/140269029</subfield>
<subfield code="0">(DE-101)140269029</subfield>
<subfield code="a">Waller, Gertrud</subfield>
<subfield code="e">Adressat</subfield>
<subfield code="4">rcp</subfield>
<subfield code="2">gnd</subfield>
</datafield>
<datafield ind1=" " ind2="0" tag="830">
<subfield code="a">Nachlass Iwan Heilbut</subfield>
<subfield code="w">(DE-101)978829611</subfield>
<subfield code="9">B.02.0553</subfield>
<subfield code="7">tc</subfield>
</datafield>
<datafield ind1=" " ind2=" " tag="850">
<subfield code="a">DE-101e</subfield>
</datafield>
</record>