
<record type="Bibliographic" xmlns="http://www.loc.gov/MARC21/slim">
<leader>00000ntdaa2200000 c 4500</leader>
<controlfield tag="001">999663836</controlfield>
<controlfield tag="003">DE-101</controlfield>
<controlfield tag="005">20171202131439.0</controlfield>
<controlfield tag="007">tu</controlfield>
<controlfield tag="008">100120m19701972gw ||||| |||| 00||||ger  </controlfield>
<datafield ind1="7" ind2=" " tag="016">
<subfield code="2">DE-101</subfield>
<subfield code="a">999663836</subfield>
</datafield>
<datafield ind1=" " ind2=" " tag="035">
<subfield code="a">(DE-599)DNB999663836</subfield>
</datafield>
<datafield ind1=" " ind2=" " tag="040">
<subfield code="a">1270</subfield>
<subfield code="b">ger</subfield>
<subfield code="c">DE-101</subfield>
<subfield code="d">9999</subfield>
</datafield>
<datafield ind1=" " ind2=" " tag="041">
<subfield code="a">ger</subfield>
</datafield>
<datafield ind1=" " ind2=" " tag="044">
<subfield code="c">XA-DE</subfield>
<subfield code="c">XD-US</subfield>
</datafield>
<datafield ind1="1" ind2=" " tag="100">
<subfield code="0">(DE-588)116651423</subfield>
<subfield code="0">https://d-nb.info/gnd/116651423</subfield>
<subfield code="0">(DE-101)116651423</subfield>
<subfield code="a">Heilbut, Iwan</subfield>
<subfield code="d">1898-1972</subfield>
<subfield code="e">Verfasser</subfield>
<subfield code="4">aut</subfield>
<subfield code="2">gnd</subfield>
</datafield>
<datafield ind1="1" ind2="0" tag="245">
<subfield code="a">Korrespondenz</subfield>
</datafield>
<datafield ind1=" " ind2=" " tag="250">
<subfield code="a">Teilw. Entwurf, teilw. Abschrift</subfield>
</datafield>
<datafield ind1=" " ind2="0" tag="264">
<subfield code="a">München</subfield>
<subfield code="a">New York, NY</subfield>
<subfield code="c">1970-1972</subfield>
</datafield>
<datafield ind1=" " ind2=" " tag="300">
<subfield code="a">10 Bl. = 7 E. hs.m.U. u.a.</subfield>
<subfield code="e">Posteinlieferungsscheine, 2 Bl. = 2 E.hs. auf Vordr.</subfield>
</datafield>
<datafield ind1=" " ind2=" " tag="336">
<subfield code="a">Text</subfield>
<subfield code="b">txt</subfield>
<subfield code="2">rdacontent</subfield>
</datafield>
<datafield ind1=" " ind2=" " tag="337">
<subfield code="a">ohne Hilfsmittel zu benutzen</subfield>
<subfield code="b">n</subfield>
<subfield code="2">rdamedia</subfield>
</datafield>
<datafield ind1=" " ind2=" " tag="338">
<subfield code="a">Blatt</subfield>
<subfield code="b">nb</subfield>
<subfield code="2">rdacarrier</subfield>
</datafield>
<datafield ind1="1" ind2=" " tag="490">
<subfield code="a">Nachlass Iwan Heilbut</subfield>
</datafield>
<datafield ind1="1" ind2=" " tag="700">
<subfield code="0">(DE-588)140276858</subfield>
<subfield code="0">https://d-nb.info/gnd/140276858</subfield>
<subfield code="0">(DE-101)140276858</subfield>
<subfield code="a">Rast, Josef</subfield>
<subfield code="d">1914-</subfield>
<subfield code="e">Adressat</subfield>
<subfield code="4">rcp</subfield>
<subfield code="2">gnd</subfield>
</datafield>
<datafield ind1="2" ind2=" " tag="710">
<subfield code="0">(DE-588)2069287-0</subfield>
<subfield code="0">https://d-nb.info/gnd/2069287-0</subfield>
<subfield code="0">(DE-101)007194145</subfield>
<subfield code="a">Walter-Verlag</subfield>
<subfield code="e">Adressat</subfield>
<subfield code="4">rcp</subfield>
</datafield>
<datafield ind1=" " ind2="0" tag="830">
<subfield code="a">Nachlass Iwan Heilbut</subfield>
<subfield code="w">(DE-101)978829611</subfield>
<subfield code="9">B.02.0555</subfield>
<subfield code="7">tc</subfield>
</datafield>
<datafield ind1=" " ind2=" " tag="850">
<subfield code="a">DE-101e</subfield>
</datafield>
</record>