
<record type="Bibliographic" xmlns="http://www.loc.gov/MARC21/slim">
<leader>00000ntdaa2200000 c 4500</leader>
<controlfield tag="001">1000082830</controlfield>
<controlfield tag="003">DE-101</controlfield>
<controlfield tag="005">20171202132824.0</controlfield>
<controlfield tag="007">tu</controlfield>
<controlfield tag="008">100208m19671970sz ||||| |||| 00||||ger  </controlfield>
<datafield ind1="7" ind2=" " tag="016">
<subfield code="2">DE-101</subfield>
<subfield code="a">1000082830</subfield>
</datafield>
<datafield ind1=" " ind2=" " tag="035">
<subfield code="a">(DE-599)DNB1000082830</subfield>
</datafield>
<datafield ind1=" " ind2=" " tag="040">
<subfield code="a">1270</subfield>
<subfield code="b">ger</subfield>
<subfield code="c">DE-101</subfield>
<subfield code="d">9999</subfield>
</datafield>
<datafield ind1=" " ind2=" " tag="041">
<subfield code="a">ger</subfield>
</datafield>
<datafield ind1=" " ind2=" " tag="044">
<subfield code="c">XA-CH</subfield>
<subfield code="c">XA-DE</subfield>
</datafield>
<datafield ind1="1" ind2=" " tag="100">
<subfield code="0">(DE-588)116651423</subfield>
<subfield code="0">https://d-nb.info/gnd/116651423</subfield>
<subfield code="0">(DE-101)116651423</subfield>
<subfield code="a">Heilbut, Iwan</subfield>
<subfield code="d">1898-1972</subfield>
<subfield code="e">Verfasser</subfield>
<subfield code="4">aut</subfield>
<subfield code="2">gnd</subfield>
</datafield>
<datafield ind1="1" ind2="0" tag="245">
<subfield code="a">Korrespondenz</subfield>
</datafield>
<datafield ind1=" " ind2=" " tag="250">
<subfield code="a">Teilw. Entwurf</subfield>
</datafield>
<datafield ind1=" " ind2="0" tag="264">
<subfield code="a">Zürich</subfield>
<subfield code="a">München</subfield>
<subfield code="c">1967-1970</subfield>
</datafield>
<datafield ind1=" " ind2=" " tag="300">
<subfield code="a">77 Bl. = 37 E. hs.m.U. u.a.</subfield>
<subfield code="e">Iwan Heilbut: Konvolut von Würdigungen sowie Rezensionen von/über Hans Wolffheims Leben und Werk, diverse Fassungen, Entwürfe, Notizen, 46 Bl. = 12 E. masch. u.a., teilw. mit hs. Korr.</subfield>
<subfield code="e">Iwan Heilbut an den Rektor der Stockholms Universitet, 14.01.1972, 4 Bl. hs.m.U., Durchschr. sowie Entwurf u. Notizen, 5 Bl. hs. [betr. Stockholmer Symposium zur deutschen Exilliteratur, 1969]</subfield>
</datafield>
<datafield ind1=" " ind2=" " tag="336">
<subfield code="a">Text</subfield>
<subfield code="b">txt</subfield>
<subfield code="2">rdacontent</subfield>
</datafield>
<datafield ind1=" " ind2=" " tag="337">
<subfield code="a">ohne Hilfsmittel zu benutzen</subfield>
<subfield code="b">n</subfield>
<subfield code="2">rdamedia</subfield>
</datafield>
<datafield ind1=" " ind2=" " tag="338">
<subfield code="a">Blatt</subfield>
<subfield code="b">nb</subfield>
<subfield code="2">rdacarrier</subfield>
</datafield>
<datafield ind1="1" ind2=" " tag="490">
<subfield code="a">Nachlass Iwan Heilbut</subfield>
</datafield>
<datafield ind1=" " ind2=" " tag="500">
<subfield code="a">Teilw. mit Vermerk: "Ungültig"; "Nicht gesandt"</subfield>
</datafield>
<datafield ind1="1" ind2=" " tag="700">
<subfield code="0">(DE-588)118770063</subfield>
<subfield code="0">https://d-nb.info/gnd/118770063</subfield>
<subfield code="0">(DE-101)118770063</subfield>
<subfield code="a">Wolffheim, Hans</subfield>
<subfield code="d">1904-1973</subfield>
<subfield code="e">Adressat</subfield>
<subfield code="4">rcp</subfield>
<subfield code="2">gnd</subfield>
</datafield>
<datafield ind1="1" ind2=" " tag="700">
<subfield code="0">(DE-588)120701227</subfield>
<subfield code="0">https://d-nb.info/gnd/120701227</subfield>
<subfield code="0">(DE-101)120701227</subfield>
<subfield code="a">Wolffheim, Elsbeth</subfield>
<subfield code="d">1934-2002</subfield>
<subfield code="e">Adressat</subfield>
<subfield code="4">rcp</subfield>
<subfield code="2">gnd</subfield>
</datafield>
<datafield ind1=" " ind2="0" tag="830">
<subfield code="a">Nachlass Iwan Heilbut</subfield>
<subfield code="w">(DE-101)978829611</subfield>
<subfield code="9">B.02.0581</subfield>
<subfield code="7">tc</subfield>
</datafield>
<datafield ind1=" " ind2=" " tag="850">
<subfield code="a">DE-101e</subfield>
</datafield>
</record>