
<record type="Bibliographic" xmlns="http://www.loc.gov/MARC21/slim">
<leader>00000ntdaa2200000 c 4500</leader>
<controlfield tag="001">1000118576</controlfield>
<controlfield tag="003">DE-101</controlfield>
<controlfield tag="005">20191101063022.0</controlfield>
<controlfield tag="007">tu</controlfield>
<controlfield tag="008">100209m19411942xxu||||| |||| 00||||ger  </controlfield>
<datafield ind1="7" ind2=" " tag="016">
<subfield code="2">DE-101</subfield>
<subfield code="a">1000118576</subfield>
</datafield>
<datafield ind1=" " ind2=" " tag="035">
<subfield code="a">(DE-599)DNB1000118576</subfield>
</datafield>
<datafield ind1=" " ind2=" " tag="040">
<subfield code="a">1270</subfield>
<subfield code="b">ger</subfield>
<subfield code="c">DE-101</subfield>
<subfield code="d">9999</subfield>
</datafield>
<datafield ind1=" " ind2=" " tag="041">
<subfield code="a">ger</subfield>
</datafield>
<datafield ind1=" " ind2=" " tag="044">
<subfield code="c">XD-US</subfield>
</datafield>
<datafield ind1="1" ind2=" " tag="100">
<subfield code="0">(DE-588)116651423</subfield>
<subfield code="0">https://d-nb.info/gnd/116651423</subfield>
<subfield code="0">(DE-101)116651423</subfield>
<subfield code="a">Heilbut, Iwan</subfield>
<subfield code="d">1898-1972</subfield>
<subfield code="e">Verfasser</subfield>
<subfield code="4">aut</subfield>
<subfield code="2">gnd</subfield>
</datafield>
<datafield ind1="1" ind2="0" tag="245">
<subfield code="a">Korrespondenz</subfield>
</datafield>
<datafield ind1=" " ind2="0" tag="264">
<subfield code="a">New York, NY</subfield>
<subfield code="c">1941-1942</subfield>
</datafield>
<datafield ind1=" " ind2=" " tag="300">
<subfield code="a">10 Bl. = 9 E. masch.Dg.</subfield>
<subfield code="e">Iwan Heilbut an Friederike Maria Zweig, 26.02.1942, 3 Bl. hs.m.U., Entwurf</subfield>
<subfield code="e">Viking Press an Iwan Heilbut, 26.09.1941, 1 Postkt. masch.m.U., unleserlich</subfield>
<subfield code="e">Subskriptionseinladung betr. Gedichtband von Iwan Heilbut: "Meine Wanderungen" (angekündigt mit Empfehlung u. Vorwort von Stefan Zweig), 1 Bl. Dr.</subfield>
<subfield code="e">Konvolut von Unterlagen betr. Nachforschungen der letzten  Briefsendungen von Iwan Heilbut an Stefan Zweig [enth. Posteinlieferungsschein vom 13.02.1942 sowie Mitteilung des United States Post Office über Zustellung am 21.02.1942 sowie Stefan Zweigs Tod, 4 Bl. = 4 E. masch.m.U. u.a.</subfield>
<subfield code="e">Konvolut von Zeitungsausschnitten betr. Tod von Stefan u. Lotte Zweig, 23./24.02.1942, 3 Bl. = 3 E. Dr. Mit Foto von Stefan Zweig</subfield>
</datafield>
<datafield ind1=" " ind2=" " tag="336">
<subfield code="a">Text</subfield>
<subfield code="b">txt</subfield>
<subfield code="2">rdacontent</subfield>
</datafield>
<datafield ind1=" " ind2=" " tag="337">
<subfield code="a">ohne Hilfsmittel zu benutzen</subfield>
<subfield code="b">n</subfield>
<subfield code="2">rdamedia</subfield>
</datafield>
<datafield ind1=" " ind2=" " tag="338">
<subfield code="a">Blatt</subfield>
<subfield code="b">nb</subfield>
<subfield code="2">rdacarrier</subfield>
</datafield>
<datafield ind1="1" ind2=" " tag="490">
<subfield code="a">Nachlass Iwan Heilbut</subfield>
</datafield>
<datafield ind1="1" ind2=" " tag="583">
<subfield code="l">Teilw. beschädigt</subfield>
</datafield>
<datafield ind1="1" ind2=" " tag="700">
<subfield code="0">(DE-588)118637479</subfield>
<subfield code="0">https://d-nb.info/gnd/118637479</subfield>
<subfield code="0">(DE-101)118637479</subfield>
<subfield code="a">Zweig, Stefan</subfield>
<subfield code="d">1881-1942</subfield>
<subfield code="e">Adressat</subfield>
<subfield code="4">rcp</subfield>
<subfield code="2">gnd</subfield>
</datafield>
<datafield ind1=" " ind2="0" tag="830">
<subfield code="a">Nachlass Iwan Heilbut</subfield>
<subfield code="w">(DE-101)978829611</subfield>
<subfield code="9">B.02.0590</subfield>
<subfield code="7">tc</subfield>
</datafield>
<datafield ind1=" " ind2=" " tag="850">
<subfield code="a">DE-101e</subfield>
</datafield>
</record>