
<record type="Bibliographic" xmlns="http://www.loc.gov/MARC21/slim">
<leader>00000ntdaa2200000 c 4500</leader>
<controlfield tag="001">1000571165</controlfield>
<controlfield tag="003">DE-101</controlfield>
<controlfield tag="005">20171202134416.0</controlfield>
<controlfield tag="007">tu</controlfield>
<controlfield tag="008">100303m19671967xxu||||| |||| 00||||ger  </controlfield>
<datafield ind1="7" ind2=" " tag="016">
<subfield code="2">DE-101</subfield>
<subfield code="a">1000571165</subfield>
</datafield>
<datafield ind1=" " ind2=" " tag="035">
<subfield code="a">(DE-599)DNB1000571165</subfield>
</datafield>
<datafield ind1=" " ind2=" " tag="040">
<subfield code="a">1270</subfield>
<subfield code="b">ger</subfield>
<subfield code="c">DE-101</subfield>
<subfield code="d">9999</subfield>
</datafield>
<datafield ind1=" " ind2=" " tag="041">
<subfield code="a">ger</subfield>
</datafield>
<datafield ind1=" " ind2=" " tag="044">
<subfield code="c">XD-US</subfield>
</datafield>
<datafield ind1="1" ind2=" " tag="100">
<subfield code="0">(DE-588)131418483</subfield>
<subfield code="0">https://d-nb.info/gnd/131418483</subfield>
<subfield code="0">(DE-101)131418483</subfield>
<subfield code="a">Heilbut, Charlotte</subfield>
<subfield code="d">1899-1984</subfield>
<subfield code="e">Verfasser</subfield>
<subfield code="4">aut</subfield>
<subfield code="2">gnd</subfield>
</datafield>
<datafield ind1="1" ind2="0" tag="245">
<subfield code="a">Korrespondenz</subfield>
</datafield>
<datafield ind1=" " ind2="0" tag="264">
<subfield code="a">New York, NY</subfield>
<subfield code="c">1967-1967</subfield>
</datafield>
<datafield ind1=" " ind2=" " tag="300">
<subfield code="a">4 Bl. = 4 E. masch.Dg. u.a.</subfield>
<subfield code="e">Notiz für "Aufbau &lt;New York, NY&gt;" betr. Konzert von Francis Heilbut, 1 Bl. masch.Dg.</subfield>
</datafield>
<datafield ind1=" " ind2=" " tag="336">
<subfield code="a">Text</subfield>
<subfield code="b">txt</subfield>
<subfield code="2">rdacontent</subfield>
</datafield>
<datafield ind1=" " ind2=" " tag="337">
<subfield code="a">ohne Hilfsmittel zu benutzen</subfield>
<subfield code="b">n</subfield>
<subfield code="2">rdamedia</subfield>
</datafield>
<datafield ind1=" " ind2=" " tag="338">
<subfield code="a">Blatt</subfield>
<subfield code="b">nb</subfield>
<subfield code="2">rdacarrier</subfield>
</datafield>
<datafield ind1="1" ind2=" " tag="490">
<subfield code="a">Nachlass Iwan Heilbut</subfield>
</datafield>
<datafield ind1="1" ind2=" " tag="700">
<subfield code="0">(DE-588)117257893</subfield>
<subfield code="0">https://d-nb.info/gnd/117257893</subfield>
<subfield code="0">(DE-101)117257893</subfield>
<subfield code="a">Steinitz, Hans</subfield>
<subfield code="d">1912-1993</subfield>
<subfield code="e">Adressat</subfield>
<subfield code="4">rcp</subfield>
<subfield code="2">gnd</subfield>
</datafield>
<datafield ind1=" " ind2="0" tag="830">
<subfield code="a">Nachlass Iwan Heilbut</subfield>
<subfield code="w">(DE-101)978829611</subfield>
<subfield code="9">B.04.0023</subfield>
<subfield code="7">tc</subfield>
</datafield>
<datafield ind1=" " ind2=" " tag="850">
<subfield code="a">DE-101e</subfield>
</datafield>
</record>