
<record type="Bibliographic" xmlns="http://www.loc.gov/MARC21/slim">
<leader>00000ntdaa2200000 c 4500</leader>
<controlfield tag="001">1000684865</controlfield>
<controlfield tag="003">DE-101</controlfield>
<controlfield tag="005">20171202134705.0</controlfield>
<controlfield tag="007">tu</controlfield>
<controlfield tag="008">100308m19821993xx ||||| |||| 00||||eng  </controlfield>
<datafield ind1="7" ind2=" " tag="016">
<subfield code="2">DE-101</subfield>
<subfield code="a">1000684865</subfield>
</datafield>
<datafield ind1=" " ind2=" " tag="035">
<subfield code="a">(DE-599)DNB1000684865</subfield>
</datafield>
<datafield ind1=" " ind2=" " tag="040">
<subfield code="a">1270</subfield>
<subfield code="b">ger</subfield>
<subfield code="c">DE-101</subfield>
<subfield code="d">9999</subfield>
</datafield>
<datafield ind1=" " ind2=" " tag="041">
<subfield code="a">eng</subfield>
</datafield>
<datafield ind1=" " ind2=" " tag="044">
<subfield code="c">ZZ</subfield>
</datafield>
<datafield ind1="1" ind2=" " tag="100">
<subfield code="0">(DE-588)119086530</subfield>
<subfield code="0">https://d-nb.info/gnd/119086530</subfield>
<subfield code="0">(DE-101)119086530</subfield>
<subfield code="a">Novotná, Jarmila</subfield>
<subfield code="d">1907-1994</subfield>
<subfield code="e">Verfasser</subfield>
<subfield code="4">aut</subfield>
<subfield code="2">gnd</subfield>
</datafield>
<datafield ind1="1" ind2="0" tag="245">
<subfield code="a">Korrespondenz</subfield>
</datafield>
<datafield ind1=" " ind2="0" tag="264">
<subfield code="a">Prag</subfield>
<subfield code="a">New York, NY</subfield>
<subfield code="c">1982-1993</subfield>
</datafield>
<datafield ind1=" " ind2=" " tag="300">
<subfield code="a">26 Bl. = 26 E. hs.m.U. Mit 17 Umschl.</subfield>
<subfield code="e">Konvolut von Unterlagen über Leben und Karriere von Jarmila Novotná, darunter Abschriften von Artikeln aus Berliner Tagblatt, Völkischer Beobachter, 1931-1933, 13 Bl. = 11 E. hs. u.a. sowie "Opera News", Vol.54, Nr. 7, 23.12.1989 mit  Titelfoto u. Titelgeschichte über Jarmila Novotná, 1 H. Dr. Mit hs. Widmung für Francis Heilbut, 04.05.1990</subfield>
<subfield code="e">Konvolut von leeren Briefumschlägen, 13 Umschl.</subfield>
<subfield code="e">Jarmila Novotná an diverse Personen, darunter Zaidee Parkinson sowie an American Landmark Festivals, 1969-1993,11 Bl. = 11 E. Mit 9 Umschl.</subfield>
<subfield code="e">Konvolut von Notizen , darunter Adressen diverser Personen, 11 Bl. = 11 E. hs.</subfield>
</datafield>
<datafield ind1=" " ind2=" " tag="336">
<subfield code="a">Text</subfield>
<subfield code="b">txt</subfield>
<subfield code="2">rdacontent</subfield>
</datafield>
<datafield ind1=" " ind2=" " tag="337">
<subfield code="a">ohne Hilfsmittel zu benutzen</subfield>
<subfield code="b">n</subfield>
<subfield code="2">rdamedia</subfield>
</datafield>
<datafield ind1=" " ind2=" " tag="338">
<subfield code="a">Blatt</subfield>
<subfield code="b">nb</subfield>
<subfield code="2">rdacarrier</subfield>
</datafield>
<datafield ind1="1" ind2=" " tag="490">
<subfield code="a">Nachlass Iwan Heilbut</subfield>
</datafield>
<datafield ind1=" " ind2=" " tag="500">
<subfield code="a">Brief vom 14.12.1982 mit aufgeklebtem Privatfoto</subfield>
</datafield>
<datafield ind1=" " ind2=" " tag="546">
<subfield code="a">Schrift, Sprache: Engl.</subfield>
</datafield>
<datafield ind1="1" ind2=" " tag="700">
<subfield code="0">(DE-588)131418181</subfield>
<subfield code="0">https://d-nb.info/gnd/131418181</subfield>
<subfield code="0">(DE-101)131418181</subfield>
<subfield code="a">Heilbut, Francis</subfield>
<subfield code="d">1939-2006</subfield>
<subfield code="e">Adressat</subfield>
<subfield code="4">rcp</subfield>
<subfield code="2">gnd</subfield>
</datafield>
<datafield ind1=" " ind2="0" tag="830">
<subfield code="a">Nachlass Iwan Heilbut</subfield>
<subfield code="w">(DE-101)978829611</subfield>
<subfield code="9">B.04.0040</subfield>
<subfield code="7">tc</subfield>
</datafield>
<datafield ind1=" " ind2=" " tag="850">
<subfield code="a">DE-101e</subfield>
</datafield>
</record>