
<record type="Bibliographic" xmlns="http://www.loc.gov/MARC21/slim">
<leader>00000ntdaa2200000 c 4500</leader>
<controlfield tag="001">1000756831</controlfield>
<controlfield tag="003">DE-101</controlfield>
<controlfield tag="005">20171202134852.0</controlfield>
<controlfield tag="007">tu</controlfield>
<controlfield tag="008">100310m19551956xxu||||| |||| 00||||ger  </controlfield>
<datafield ind1="7" ind2=" " tag="016">
<subfield code="2">DE-101</subfield>
<subfield code="a">1000756831</subfield>
</datafield>
<datafield ind1=" " ind2=" " tag="035">
<subfield code="a">(DE-599)DNB1000756831</subfield>
</datafield>
<datafield ind1=" " ind2=" " tag="040">
<subfield code="a">1270</subfield>
<subfield code="b">ger</subfield>
<subfield code="c">DE-101</subfield>
<subfield code="d">9999</subfield>
</datafield>
<datafield ind1=" " ind2=" " tag="041">
<subfield code="a">ger</subfield>
</datafield>
<datafield ind1=" " ind2=" " tag="044">
<subfield code="c">XD-US</subfield>
<subfield code="c">XD-AR</subfield>
</datafield>
<datafield ind1="0" ind2=" " tag="100">
<subfield code="0">(DE-588)128971169</subfield>
<subfield code="0">https://d-nb.info/gnd/128971169</subfield>
<subfield code="0">(DE-101)128971169</subfield>
<subfield code="a">Verschiedene</subfield>
<subfield code="e">Verfasser</subfield>
<subfield code="4">aut</subfield>
<subfield code="2">gnd</subfield>
</datafield>
<datafield ind1="1" ind2="0" tag="245">
<subfield code="a">Korrespondenz</subfield>
</datafield>
<datafield ind1=" " ind2="0" tag="264">
<subfield code="a">New York, NY</subfield>
<subfield code="a">Buenos Aires u.a.</subfield>
<subfield code="c">1955-1956</subfield>
</datafield>
<datafield ind1=" " ind2=" " tag="300">
<subfield code="a">12 Bl. = 11 E. hs.m.U. u.a.</subfield>
<subfield code="e">Iwan Heilbut: Wer erinnert sich? [Nachruf auf Elizabeth Meyer]. In: Berliner Allgemeine Wochenzeitung der Juden in Deutschland. Jg. 10, Nr. 39 (30.12.1955),1 Bl. Dr. (2 Ex.)</subfield>
</datafield>
<datafield ind1=" " ind2=" " tag="336">
<subfield code="a">Text</subfield>
<subfield code="b">txt</subfield>
<subfield code="2">rdacontent</subfield>
</datafield>
<datafield ind1=" " ind2=" " tag="337">
<subfield code="a">ohne Hilfsmittel zu benutzen</subfield>
<subfield code="b">n</subfield>
<subfield code="2">rdamedia</subfield>
</datafield>
<datafield ind1=" " ind2=" " tag="338">
<subfield code="a">Blatt</subfield>
<subfield code="b">nb</subfield>
<subfield code="2">rdacarrier</subfield>
</datafield>
<datafield ind1="1" ind2=" " tag="490">
<subfield code="a">Nachlass Iwan Heilbut</subfield>
</datafield>
<datafield ind1=" " ind2=" " tag="500">
<subfield code="a">Konvolut von Kondolenzschreiben zum Tod von Elisabeth Meyer</subfield>
</datafield>
<datafield ind1=" " ind2=" " tag="520">
<subfield code="a">u.a. Schreiben von Hannah Field, Henry W. Brann</subfield>
</datafield>
<datafield ind1="1" ind2=" " tag="700">
<subfield code="0">(DE-588)131418483</subfield>
<subfield code="0">https://d-nb.info/gnd/131418483</subfield>
<subfield code="0">(DE-101)131418483</subfield>
<subfield code="a">Heilbut, Charlotte</subfield>
<subfield code="d">1899-1984</subfield>
<subfield code="e">Adressat</subfield>
<subfield code="4">rcp</subfield>
<subfield code="2">gnd</subfield>
</datafield>
<datafield ind1=" " ind2="0" tag="830">
<subfield code="a">Nachlass Iwan Heilbut</subfield>
<subfield code="w">(DE-101)978829611</subfield>
<subfield code="9">B.04.0051</subfield>
<subfield code="7">tc</subfield>
</datafield>
<datafield ind1=" " ind2=" " tag="850">
<subfield code="a">DE-101e</subfield>
</datafield>
</record>
</collection>